@Misc{WYSIWYG,
title = {WYSIWYG},
note = {Eingesehen am 07.02.2013},
url = {http://ddi.uni-paderborn.de/},
howpublished = "\url{http://ddi.uni-paderborn.de/}",
key = {WYSIWYG}
}
